
@inproceedings{Assembly:2010,
 author = {Schulte, Eric and Forrest, Stephanie and Weimer, Westley},
 title = {{A}utomated {P}rogram {R}epair {T}hrough the {E}volution of {A}ssembly {C}ode},
 booktitle = {Proceedings of the IEEE/ACM International Conference on Automated Software Engineering},
 series = {ASE '10},
 year = {2010},
 isbn = {978-1-4503-0116-9},
 location = {Antwerp, Belgium},
 pages = {313--316},
 numpages = {4},
 url = {http://doi.acm.org/10.1145/1858996.1859059},
 doi = {10.1145/1858996.1859059},
 acmid = {1859059},
 publisher = {ACM},
 address = {New York, NY, USA},
 keywords = {assembly code, bytecode, evolutionary computation, fault localization, legacy software, program repair},
// note={\\
// {\it
// This will be a main source for my paper. It talks about evolving programs at assembly language level and its benefits. These //authors focus more on doing this to use EC to debug, refactor, and repair programs. It also breifly mentions FINCH
// }},
}

@inproceedings{Forrest:2009,
 author = {Forrest, Stephanie and Nguyen, ThanhVu and Weimer, Westley and Le Goues, Claire},
 title = {A {G}enetic {P}rogramming {A}pproach to {A}utomated {S}oftware {R}epair},
 booktitle = {Proceedings of the 11th Annual Conference on Genetic and Evolutionary Computation},
 series = {GECCO '09},
 year = {2009},
 isbn = {978-1-60558-325-9},
 location = {Montreal, Qu\&\#233;bec, Canada},
 pages = {947--954},
 numpages = {8},
 url = {http://doi.acm.org.ezproxy.morris.umn.edu/10.1145/1569901.1570031},
 doi = {10.1145/1569901.1570031},
 acmid = {1570031},
 publisher = {ACM},
 address = {New York, NY, USA},
 keywords = {genetic programming, software engineering, software repair},
}


@inproceedings{NeuralNetworks:2013,
 author = {Benbassat, Amit and Sipper, Moshe},
 title = {Evolving Artificial Neural Networks with FINCH},
 booktitle = {Proceeding of the Fifteenth Annual Conference Companion on Genetic and Evolutionary Computation Conference Companion},
 series = {GECCO '13 Companion},
 year = {2013},
 isbn = {978-1-4503-1964-5},
 location = {Amsterdam, The Netherlands},
 pages = {1719--1720},
 numpages = {2},
 url = {http://doi.acm.org/10.1145/2464576.2480780},
 doi = {10.1145/2464576.2480780},
 acmid = {2480780},
 publisher = {ACM},
 address = {New York, NY, USA},
 keywords = {finch, neuroevolution},
// note={\\
//{\it 
//I don't think I will use this because it is too short and lacks substance.This paper talks about using FINCH to evolve code that //implements an artificial neural network
//}},
}


@inproceedings{HeuristicLab:2013,
 author = {Elyasaf, Achiya and Orlov, Michael and Sipper, Moshe},
 title = {A Heuristiclab Evolutionary Algorithm for FINCH},
 booktitle = {Proceeding of the Fifteenth Annual Conference Companion on Genetic and Evolutionary Computation Conference Companion},
 series = {GECCO '13 Companion},
 year = {2013},
 isbn = {978-1-4503-1964-5},
 location = {Amsterdam, The Netherlands},
 pages = {1727--1728},
 numpages = {2},
 url = {http://doi.acm.org/10.1145/2464576.2480786},
 doi = {10.1145/2464576.2480786},
 acmid = {2480786},
 publisher = {ACM},
 address = {New York, NY, USA},
 keywords = {heuristiclab, java bytecode, software evolution},
 note={\\
//{\it
//This is a very short paper. I don't think I will be using it since it lacks substance. This paper is about using FINCH along side //HeuristicLab to solve symbolic regression and other classic EC problems
//}},
}



@inproceedings{GISMOE:2012,
author = {Harman, Mark and Langdon, William B. and Jia, Yue and White, David R. and Arcuri, Andrea and Clark, John A.},
title = {The GISMOE Challenge: Constructing the Pareto Program Surface Using Genetic Programming to Find Better Programs (Keynote Paper)},
booktitle = {Proceedings of the 27th IEEE/ACM International Conference on Automated Software Engineering},
series = {ASE 2012},
year = {2012},
isbn = {978-1-4503-1204-2},
location = {Essen, Germany},
pages = {1--14},
numpages = {14},
url = {http://doi.acm.org.ezproxy.morris.umn.edu/10.1145/2351676.2351678},
doi = {10.1145/2351676.2351678},
acmid = {2351678},
publisher = {ACM},
address = {New York, NY, USA},
keywords = {Compilation, Genetic Programming, Non-functional Properties, Pareto Surface, SBSE, Search Based Optimization},
note={\\
//{\it 
//This paper looks very promising in providing information on evolving programs (not nessesarly using bytecode though). Also, it //references FINCH
//}},
}


@ARTICLE{FINCH:2011, 
author={Orlov, M. and Sipper, M.}, 
journal={Evolutionary Computation, IEEE Transactions on}, 
title={{F}light of the {FINCH} {T}hrough the {J}ava {W}ilderness}, 
year={2011}, 
month={April}, 
volume={15}, 
number={2}, 
pages={166-182},
keywords={Java;genetic algorithms;software tools;virtual machines;FINCH;Fertile Darwinian Bytecode Harvester;Java bytecode;Java programs;Java virtual machine architecture;array sum;compatibility checks;genetic programming;human-readable solutions;image classification;operand stack;representation language;software toolkit;tic-tac-toe;trail navigation;Automatic programming;Java bytecode;genetic programming (GP);software evolution}, 
doi={10.1109/TEVC.2010.2052622}, 
ISSN={1089-778X},
//note={\\
//{\it
//This will be one of the backbones of my paper. Talks about a program called FINCH that the authors developed. Finch is used to //evolve programs at the Java bytecode level. This paper Has lots of information and they have about six examples where they evolved //programs using FINCH
//}},
}

@inproceedings{FINCH2:2009,
 author = {Orlov, Michael and Sipper, Moshe},
 title = {{G}enetic {P}rogramming in the {W}ild: {E}volving {U}nrestricted {B}ytecode},
 booktitle = {Proceedings of the 11th Annual Conference on Genetic and Evolutionary Computation},
 series = {GECCO '09},
 year = {2009},
 isbn = {978-1-60558-325-9},
 location = {Montreal, Qu\&\#233;bec, Canada},
 pages = {1043--1050},
 numpages = {8},
 url = {http://doi.acm.org.ezproxy.morris.umn.edu/10.1145/1569901.1570042},
 doi = {10.1145/1569901.1570042},
 acmid = {1570042},
 publisher = {ACM},
 address = {New York, NY, USA},
 keywords = {java bytecode, software evolution},
// note={\\
// {\it 
// This is Sipper's and Orlov's first paper on FINCH. I'm using this because it descripes crossover and how it interacts with the JVM //alot bettter than their journal paper. 
//}},
}

@misc{x86family:20014,
   author = "{W}ikipedia",
   title = "X86 --- {W}ikipedia{,} {T}he {F}ree {E}ncyclopedia",
   year = "2014",
   url = "http://en.wikipedia.org/w/index.php?title=X86&oldid=600558995",
   note = "[Online; accessed 23-March-2014]"
 }

@misc{x86assembly:2014,
   author = "{W}ikipedia",
   title = "X86 {A}ssembly {L}anguage --- {W}ikipedia{,} {T}he {F}ree {E}ncyclopedia",
   year = "2014",
   url = "http://en.wikipedia.org/w/index.php?title=X86_assembly_language&oldid=600426030",
   note = "[Online; accessed 23-March-2014]"
}

@article{BNF:2014,
title = {Backus-Naur Form},
year={2014},
month={January},
day={4},
url = {http://en.wikipedia.org/wiki/Backys-Naur Form},
publisher = {Wikipedia, The Free Encyclopedia},
}

@misc{Bytecode:2014,
   author = "Wikipedia",
   title = "Bytecode --- Wikipedia{,} The Free Encyclopedia",
   year = "2014",
   url = "http://en.wikipedia.org/w/index.php?title=Bytecode&oldid=598575789",
   note = "[Online; accessed 5-April-2014]"
}

@misc{JavaBytecode:2014,
   author = "Wikipedia",
   title = "Java bytecode --- Wikipedia{,} The Free Encyclopedia",
   year = "2014",
   url = "http://en.wikipedia.org/w/index.php?title=Java_bytecode&oldid=595709129",
   note = "[Online; accessed 5-April-2014]"
 }

@book{Nic:2008,
title={A Field Guide to Genetic Programming},
year={2008},
note = {\\
//{\it 
//This will prived general definitions/descriptions for EC terminology.
//}}, 
}

@book{JVMspec:2013,
title={The Java Virtual Machine Spefication},
year={2013},
publisher={Oracles America, Inc. and/or affiliates},
address = {500 Oracle Parkway, Redwood City, California 94065, U.S.A.},

}

@book{Oracle:2013,
title={The Java Language Specification},
year={2013},
publisher={Oracles America, Inc. and/or affiliates},
address = {500 Oracle Parkway, Redwood City, California 94065, U.S.A.},
}

@book{VIII:2011,
title={Genetic Programming Theory and Practice VIII},
year={2011},
publisher={Springer New York},

//note={\\
//{\it 
//	This book provides good information on how the JVM works, FINCH grammar logic and crossover. Brings an aditional perspective.
//}},
}
@article{UCL:2012,
  title={Genetically Improving 50000 Lines of C+},
  author={Langdon, William B and Harman, Mark},
  journal={RN},
  volume={12},
  number={09},
  pages={09},
  year={2012},
}

@book{koza:1992,
  title={Genetic Programming: On the Programming of Computers by Means of Natural Selection},
  author={Koza, J.R.},
  isbn={9780262111706},
  lccn={92025785},
  series={A Bradford book},
  url={http://books.google.com/books?id=Bhtxo60BV0EC},
  year={1992},
  publisher={Bradford}
}

@misc{x86toMachine:2013,
   author = "{W}ikibooks",
   title = "X86 {A}ssembly/{M}achine {L}anguage {C}onversion --- {W}ikibooks{,} {T}he {F}ree {T}extbook {P}roject",
   year = "2013",
   url = "http://en.wikibooks.org/w/index.php?title=X86_Assembly/Machine_Language_Conversion&oldid=2588615",
   note = "[Online; accessed 23-March-2014]"
}